@ARTICLE{2020RMxAA..56...39M,
       author = {{Maga{\~n}a-Serrano}, M.~A. and {Hidalgo-G{\'a}mez}, A.~M. and
         {Vega-Acevedo}, I. and {Casta{\~n}eda}, H.~O.},
        title = "{Star Formation Rate in Late-Type Galaxies: I- The H$_{{\ensuremath{\alpha}}}$ and FUV Integrated Values}",
      journal = {\rmxaa},
     keywords = {galaxies: dwarf, galaxies: star formation, H II regions, Astrophysics - Astrophysics of Galaxies},
         year = 2020,
        month = apr,
       volume = {56},
        pages = {39-53},
          doi = {10.22201/ia.01851101p.2020.56.01.06},
archivePrefix = {arXiv},
       eprint = {1911.05174},
 primaryClass = {astro-ph.GA},
       adsurl = {https://ui.adsabs.harvard.edu/abs/2020RMxAA..56...39M},
      adsnote = {Provided by the SAO/NASA Astrophysics Data System}
}

@INPROCEEDINGS{2020AAS...23530912O,
       author = {{Oakes}, E. and {Faesi}, C. and {Kreckel}, K.},
        title = "{Observations and association of GMCs and HII regions in the PHANGS sample}",
    booktitle = {American Astronomical Society Meeting Abstracts},
         year = 2020,
       series = {American Astronomical Society Meeting Abstracts},
        month = jan,
          eid = {309.12},
        pages = {309.12},
       adsurl = {https://ui.adsabs.harvard.edu/abs/2020AAS...23530912O},
      adsnote = {Provided by the SAO/NASA Astrophysics Data System}
}

@INPROCEEDINGS{2006AAS...20910001V,
       author = {{Vacca}, William D. and {Gilbert}, A.~M. and {Graham}, J.~R. and
         {McCrady}, N.},
        title = "{M82 at the Highest Resolution}",
    booktitle = {American Astronomical Society Meeting Abstracts},
         year = 2006,
       series = {American Astronomical Society Meeting Abstracts},
       volume = {209},
        month = dec,
          eid = {100.01},
        pages = {100.01},
       adsurl = {https://ui.adsabs.harvard.edu/abs/2006AAS...20910001V},
      adsnote = {Provided by the SAO/NASA Astrophysics Data System}
}

@ARTICLE{1989ApJ...344..685K,
       author = {{Kennicutt}, Robert C., Jr.},
        title = "{The Star Formation Law in Galactic Disks}",
      journal = {\apj},
     keywords = {Galactic Evolution, H Alpha Line, H Ii Regions, Interstellar Gas, Star Formation Rate, Emission Spectra, Gas Dynamics, Radial Distribution, Spiral Galaxies, Astrophysics, GALAXIES: EVOLUTION, GALAXIES: STELLAR CONTENT, STARS: FORMATION},
         year = 1989,
        month = sep,
       volume = {344},
        pages = {685},
      adsnote = {Provided by the SAO/NASA Astrophysics Data System}
}

@ARTICLE{2012ApJ...759..138P,
       author = {{Papastergis}, Emmanouil and {Cattaneo}, Andrea and {Huang}, Shan and
         {Giovanelli}, Riccardo and {Haynes}, Martha P.},
        title = "{A Direct Measurement of the Baryonic Mass Function of Galaxies and Implications for the Galactic Baryon Fraction}",
      journal = {\apj},
     keywords = {galaxies: dwarf, galaxies: evolution, galaxies: halos, galaxies: luminosity function, mass function, galaxies: statistics, radio lines: galaxies, Astrophysics - Cosmology and Nongalactic Astrophysics},
         year = 2012,
        month = nov,
       volume = {759},
       number = {2},
          eid = {138},
        pages = {138},
          doi = {10.1088/0004-637X/759/2/138},
archivePrefix = {arXiv},
       eprint = {1208.5229},
 primaryClass = {astro-ph.CO},
       adsurl = {https://ui.adsabs.harvard.edu/abs/2012ApJ...759..138P},
      adsnote = {Provided by the SAO/NASA Astrophysics Data System}
}

@ARTICLE{2007ASSP....1..307P,
       author = {{Pedlar}, A. and {Wills}, K.~A.},
        title = "{The Messier 82 Starburst Galaxy}",
      journal = {Astrophysics and Space Science Proceedings},
     keywords = {Physics},
         year = 2007,
        month = jan,
       volume = {1},
        pages = {307},
          doi = {10.1007/978-1-4020-5425-9_16},
       adsurl = {https://ui.adsabs.harvard.edu/abs/2007ASSP....1..307P},
      adsnote = {Provided by the SAO/NASA Astrophysics Data System}
}

@ARTICLE{2007ApJ...671..1550,
       author={Pflamm‐Altenburg, Jan and Weidner, Carsten and Kroupa, Pavel},
        title={Converting Hα Luminosities into Star Formation Rates},
      journal = {\apj},
         year = 2007,
        month = Dec,
       volume = {671},
       number = {2},
       DOI={10.1086/523033},
        pages = {1550},
archivePrefix = {arXiv},
       eprint = {1208.5229},
 primaryClass = {astro-ph.CO},
      adsnote = {Provided by the SAO/NASA Astrophysics Data System}
}

@ARTICLE{1994ApJ...435...22K,
       author = {{Kennicutt}, Robert C., Jr. and {Tamblyn}, Peter and
         {Congdon}, Charles E.},
        title = "{Past and Future Star Formation in Disk Galaxies}",
      journal = {\apj},
     keywords = {Astronomical Models, Galactic Evolution, Spiral Galaxies, Star Formation, Stellar Luminosity, Time Measurement, Ultraviolet Spectra, Astronomical Photometry, H Alpha Line, Stellar Mass, Ultraviolet Astronomy, Astrophysics, GALAXIES: EVOLUTION, GALAXIES: LUMINOSITY FUNCTION, MASS FUNCTION, GALAXIES: SPIRAL, GALAXIES: STELLAR CONTENT, STARS: FORMATION},
         year = 1994,
        month = nov,
       volume = {435},
        pages = {22},
      adsnote = {Provided by the SAO/NASA Astrophysics Data System}
}

@ARTICLE{2018ApJ...864...75K,
       author = {{Kite}, Edwin S. and {Ford}, Eric B.},
        title = "{Habitability of Exoplanet Waterworlds}",
      journal = {\apj},
     keywords = {planets and satellites: individual: Kepler-1638b, Kepler-452b, {\ensuremath{\tau}} Ceti e, HD 40307 g, TRAPPIST-1, Proxima Cen b, Astrophysics - Earth and Planetary Astrophysics},
         year = 2018,
        month = sep,
       volume = {864},
       number = {1},
          eid = {75},
        pages = {75},
archivePrefix = {arXiv},
       eprint = {1801.00748},
 primaryClass = {astro-ph.EP},
      adsnote = {Provided by the SAO/NASA Astrophysics Data System}
}

@ARTICLE{2001JRASC..95...32L,
       author = {{Ledrew}, Glenn},
        title = "{The Real Starry Sky}",
      journal = {\jrasc},
         year = 2001,
        month = feb,
       volume = {95},
        pages = {32},
       adsurl = {https://ui.adsabs.harvard.edu/abs/2001JRASC..95...32L},
      adsnote = {Provided by the SAO/NASA Astrophysics Data System}
}

@ARTICLE{2000A&A...364..217D,
       author = {{Delfosse}, X. and {Forveille}, T. and {S{\'e}gransan}, D. and
         {Beuzit}, J. -L. and {Udry}, S. and {Perrier}, C. and {Mayor}, M.},
        title = "{Accurate masses of very low mass stars. IV. Improved mass-luminosity relations}",
      journal = {\aap},
     keywords = {STARS: BINARIES: GENERAL, STARS: BINARIES: SPECTROSCOPIC, STARS: BINARIES: VISUAL, STARS: LOW-MASS, BROWN DWARFS, TECHNIQUES: RADIAL VELOCITIES, STARS: LATE-TYPE, Astrophysics},
         year = 2000,
        month = dec,
       volume = {364},
        pages = {217-224},
archivePrefix = {arXiv},
       eprint = {astro-ph/0010586},
 primaryClass = {astro-ph},
      adsnote = {Provided by the SAO/NASA Astrophysics Data System}
}

@ARTICLE{2003ApJ...599..193F,
       author = {{F{"o}rster Schreiber}, N.~M. and {Genzel}, R. and {Lutz}, D. and
         {Sternberg}, A.},
        title = "{The Nature of Starburst Activity in M82}",
      journal = {\apj},
     keywords = {Galaxies: Evolution, Galaxies: Individual: Messier Number: M82, Galaxies: Starburst, Infrared: Galaxies, Stars: Formation, Astrophysics},
         year = 2003,
        month = dec,
       volume = {599},
       number = {1},
        pages = {193-217},
archivePrefix = {arXiv},
       eprint = {astro-ph/0309357},
 primaryClass = {astro-ph},
       adsurl = {https://ui.adsabs.harvard.edu/abs/2003ApJ...599..193F%7D,
      adsnote = {Provided by the SAO/NASA Astrophysics Data System}
}


@ARTICLE{2003ApJ...599..193F,
       author = {{F{"o}rster Schreiber}, N.~M. and {Genzel}, R. and {Lutz}, D. and
         {Sternberg}, A.},
        title = "{The Nature of Starburst Activity in M82}",
      journal = {\apj},
     keywords = {Galaxies: Evolution, Galaxies: Individual: Messier Number: M82, Galaxies: Starburst, Infrared: Galaxies, Stars: Formation, Astrophysics},
         year = 2003,
        month = dec,
       volume = {599},
       number = {1},
        pages = {193-217},
archivePrefix = {arXiv},
       eprint = {astro-ph/0309357},
 primaryClass = {astro-ph},
       adsurl = {https://ui.adsabs.harvard.edu/abs/2003ApJ...599..193F%7D,
      adsnote = {Provided by the SAO/NASA Astrophysics Data System}
}
@ARTICLE{2008ApJS..178..247K,
       author = {{Kennicutt}, Robert C., Jr. and {Lee}, Janice C. and
         {Funes}, Jos{'e} G. and {J.}, S. and {Sakai}, Shoko and
         {Akiyama}, Sanae},
        title = "{An H{\ensuremath{\alpha}} Imaging Survey of Galaxies in the Local 11 Mpc Volume}",
      journal = {\apjs},
     keywords = {catalogs, galaxies: evolution, galaxies: ISM, H II regions, stars: formation, Astrophysics},
         year = 2008,
        month = oct,
       volume = {178},
       number = {2},
        pages = {247-279},

archivePrefix = {arXiv},
       eprint = {0807.2035},
 primaryClass = {astro-ph},

      adsnote = {Provided by the SAO/NASA Astrophysics Data System}
}

@ARTICLE{2001A&G....42d..12D,
       author = {{de Grijs}, Richard},
        title = "{Starbirth: Star formation timescales in M82}",
      journal = {Astronomy and Geophysics},
         year = 2001,
        month = aug,
       volume = {42},
       number = {4},
        pages = {4.12-4.18},
      adsnote = {Provided by the SAO/NASA Astrophysics Data System}
}

@ARTICLE{1989ApOpt..28.4735K,
       author = {{Kasten}, Fritz and {Young}, Andrew T.},
        title = "{Revised optical air mass tables and approximation formula}",
      journal = {\ao},
     keywords = {METROLOGY, EXTINCTION, ATMOSPHERIC OPTICS, SOLAR ENERGY},
         year = 1989,
        month = nov,
       volume = {28},
       number = {22},
        pages = {4735-4738},
      adsnote = {Provided by the SAO/NASA Astrophysics Data System}
}

@INPROCEEDINGS{1991IAUS..146..373D,
       author = {{Dupraz}, C. and {Casoli}, F.},
        title = "{The Fate of the Molecular Gas from Mergers to Ellipticals}",
    booktitle = {Dynamics of Galaxies and Their Molecular Cloud Distributions},
         year = 1991,
       editor = {{Combes}, F. and {Casoli}, Fabienne},
       series = {IAU Symposium},
       volume = {146},
        month = jan,
        pages = {373},
       adsurl = {https://ui.adsabs.harvard.edu/abs/1991IAUS..146..373D},
      adsnote = {Provided by the SAO/NASA Astrophysics Data System}
}

@ARTICLE{2009ApJS..181..255A,
       author = {{Anderson}, L.~D. and {Bania}, T.~M. and {Jackson}, J.~M. and
         {Clemens}, D.~P. and {Heyer}, M. and {Simon}, R. and {Shah}, R.~Y. and
         {Rathborne}, J.~M.},
        title = "{The Molecular Properties of Galactic H II Regions}",
      journal = {\apjs},
     keywords = {H II regions, ISM: clouds, ISM: evolution, ISM: lines and bands, ISM: structure, radio lines: ISM, Astrophysics},
         year = 2009,
        month = mar,
       volume = {181},
       number = {1},
        pages = {255-271},
archivePrefix = {arXiv},
       eprint = {0810.3685},
 primaryClass = {astro-ph},
      adsnote = {Provided by the SAO/NASA Astrophysics Data System}
}